<?xml version="1.0" encoding="UTF-8"?><record xmlns="http://www.loc.gov/MARC21/slim" xmlns:cinclude="http://apache.org/cocoon/include/1.0" xmlns:zs="http://www.loc.gov/zing/srw/">
  <leader>00436nz  a2200145n  4500</leader>
  <controlfield tag="001">no2009137674</controlfield>
  <controlfield tag="003">DLC</controlfield>
  <controlfield tag="005">20090902075409.0</controlfield>
  <controlfield tag="008">090831n| acannaabn          |n aaa     c</controlfield>
  <datafield tag="010" ind1=" " ind2=" ">
    <subfield code="a">no2009137674</subfield>
  </datafield>
  <datafield tag="035" ind1=" " ind2=" ">
    <subfield code="a">(OCoLC)oca08224122</subfield>
  </datafield>
  <datafield tag="040" ind1=" " ind2=" ">
    <subfield code="a">NdU</subfield>
    <subfield code="b">eng</subfield>
    <subfield code="c">NdU</subfield>
  </datafield>
  <datafield tag="100" ind1="1" ind2=" ">
    <subfield code="a">Ling, Brenda Nga-Yi.</subfield>
  </datafield>
  <datafield tag="670" ind1=" " ind2=" ">
    <subfield code="a">Spirits among us, 2004:</subfield>
    <subfield code="b">(Brenda Nga-Yi Ling)</subfield>
  </datafield>
  <datafield tag="670" ind1=" " ind2=" ">
    <subfield code="a">University of North Dakota directory, 2003-2004:</subfield>
    <subfield code="b">p. 193 (Brenda Nga-Yi Ling)</subfield>
  </datafield>
</record>